@inproceedings{chapelle2011empirical,
  title={An Empirical Evaluation of Thompson Sampling},
  author={Chapelle, Olivier and Li, Lihong},
  booktitle={Advances in Neural Information Processing Systems},
  pages={2249--2257},
  year={2011}
}
@inproceedings{silver2013concurrent,
  title={Concurrent Reinforcement Learning from Customer Interactions},
  author={Silver, David and Newnham, Leonard and Barker, David and Weller, Suzanne and McFall, Jason},
  booktitle={Proceedings of the 30th International Conference on Machine Learning (ICML-13)},
  pages={924--932},
  year={2013}
}
@inproceedings{chakrabarti2008mortal,
  title={Mortal multi-armed bandits},
  author={Chakrabarti, Deepayan and Kumar, Ravi and Radlinski, Filip and Upfal, Eli},
  booktitle={Advances in Neural Information Processing Systems},
  pages={273--280},
  year={2008}
}
@inproceedings{pandey2007bandits,
  title={Bandits for Taxonomies: A Model-based Approach.},
  author={Pandey, Sandeep and Agarwal, Deepak and Chakrabarti, Deepayan and Josifovski, Vanja},
  booktitle={Proceedings of the SIAM international conference on Data Mining},
  pages={216--227},
  year={2007}
}
@article{langford2007epoch,
  title={The Epoch-Greedy Algorithm for Contextual Multi-Armed Bandits},
  author={Langford, John and Zhang, Tong},
  journal={Advances in Neural Information Processing Systems},
  volume={20},
  pages={1096--1103},
  year={2007}
}
@inproceedings{chen2009large,
  title={Large-scale Behavioral Targeting},
  author={Chen, Ye and Pavlov, Dmitry and Canny, John F},
  booktitle={Proceedings of the 15th ACM SIGKDD International Conference on Knowledge Discovery and Data Mining},
  pages={209--218},
  year={2009}
}
@book{book,
 author = {Sutton, Richard S. and Barto, Andrew G.},
 title = {Reinforcement Learning: an Introduction},
 year = {1998},
 edition = {1st},
 publisher = {MIT Press},
}
@inproceedings{ding2013multi,
  title={Multi-Armed Bandit with Budget Constraint and Variable Costs},
  author={Ding, Wenkui and Qin, Tao and Zhang, Xu-Dong and Liu, Tie-Yan},
  booktitle={27th AAAI Conference on Artificial Intelligence},
  year={2013}
}
@incollection{chakraborty2010selective,
  title={Selective call out and real time bidding},
  author={Chakraborty, Tanmoy and Even-Dar, Eyal and Guha, Sudipto and Mansour, Yishay and Muthukrishnan, S},
  booktitle={Internet and Network Economics},
  pages={145--157},
  year={2010},
  publisher={Springer}
}
@inproceedings{abe2002empirical,
  title={Empirical comparison of various reinforcement learning strategies for sequential targeted marketing},
  author={Abe, Naoki and Pednault, Edwin and Wang, Haixun and Zadrozny, Bianca and Fan, Wei and Apt{\'e}, Chidanand},
  booktitle={Data Mining, 2002. ICDM 2003. Proceedings. 2002 IEEE International Conference on},
  pages={3--10},
  year={2002},
  organization={IEEE}
}
inproceedings{benway1998banner,
  title={Banner Blindness: The Irony of Attention Grabbing on the World Wide Web},
  author={Benway, Jan Panero},
  booktitle={Proceedings of the Human Factors and Ergonomics Society Annual Meeting},
  volume={42},
  number={5},
  pages={463--467},
  year={1998},
  organization={SAGE Publications}
}
