@inproceedings{chapelle2011empirical,
  title={An Empirical Evaluation of Thompson Sampling},
  author={Chapelle, Olivier and Li, Lihong},
  booktitle={Advances in Neural Information Processing Systems},
  pages={2249--2257},
  year={2011}
}
@inproceedings{silver2013concurrent,
  title={Concurrent Reinforcement Learning from Customer Interactions},
  author={Silver, David and Newnham, Leonard and Barker, David and Weller, Suzanne and McFall, Jason},
  booktitle={Proceedings of the 30th International Conference on Machine Learning (ICML-13)},
  pages={924--932},
  year={2013}
}
@inproceedings{chakrabarti2008mortal,
  title={Mortal multi-armed bandits},
  author={Chakrabarti, Deepayan and Kumar, Ravi and Radlinski, Filip and Upfal, Eli},
  booktitle={Advances in Neural Information Processing Systems},
  pages={273--280},
  year={2008}
}
